% ------------------------------------------------------------------------
% SAMPLE BIBLIOGRAPHY FILE
% ------------------------------------------------------------------------

% ------------------------------------------------------------------------
@article{saalfeld2009catmaid,
  title={CATMAID: collaborative annotation toolkit for massive amounts of image data},
  author={Saalfeld, Stephan and Cardona, Albert and Hartenstein, Volker and Toman{\v{c}}{\'a}k, Pavel},
  journal={Bioinformatics},
  volume={25},
  number={15},
  pages={1984--1986},
  year={2009},
  publisher={Oxford University Press}
}
@article{schneider2016quantitative,
  title={Quantitative neuroanatomy for connectomics in Drosophila},
  author={Schneider-Mizell, Casey M and Gerhard, Stephan and Longair, Mark and Kazimiers, Tom and Li, Feng and Zwart, Maarten F and Champion, Andrew and Midgley, Frank M and Fetter, Richard D and Saalfeld, Stephan and others},
  journal={Elife},
  volume={5},
  pages={e12059},
  year={2016},
  publisher={eLife Sciences Publications, Ltd}
}

@article{lovick2013postembryonic,
  title={Postembryonic lineages of the Drosophila brain: I. Development of the lineage-associated fiber tracts},
  author={Lovick, Jennifer K and Ngo, Kathy T and Omoto, Jaison J and Wong, Darren C and Nguyen, Joseph D and Hartenstein, Volker},
  journal={Developmental Biology},
  volume={384},
  number={2},
  pages={228--257},
  year={2013},
  publisher={Elsevier}
}
@article{lai2008clonal,
  title={Clonal analysis of Drosophila antennal lobe neurons: diverse neuronal architectures in the lateral neuroblast lineage},
  author={Lai, Sen-Lin and Awasaki, Takeshi and Ito, Kei and Lee, Tzumin},
  year={2008},
  publisher={Oxford University Press for The Company of Biologists Limited}
}

@article{farnworth2022atlas,
  title={An atlas of the developing Tribolium castaneum brain reveals conservation in anatomy and divergence in timing to Drosophila melanogaster},
  author={Farnworth, Max S and Bucher, Gregor and Hartenstein, Volker},
  journal={Journal of Comparative Neurology},
  volume={530},
  number={13},
  pages={2335--2371},
  year={2022},
  publisher={Wiley Online Library}
}

@article{yang2013diverse,
  title={Diverse neuronal lineages make stereotyped contributions to the Drosophila locomotor control center, the central complex},
  author={Yang, Jacob S and Awasaki, Takeshi and Yu, Hung-Hsiang and He, Yisheng and Ding, Peng and Kao, Jui-Chun and Lee, Tzumin},
  journal={Journal of Comparative Neurology},
  volume={521},
  number={12},
  pages={2645--2662},
  year={2013},
  publisher={Wiley Online Library}
}

@article{honkanen2019insect,
  title={The insect central complex and the neural basis of navigational strategies},
  author={Honkanen, Anna and Adden, Andrea and da Silva Freitas, Josiane and Heinze, Stanley},
  journal={Journal of Experimental Biology},
  volume={222},
  number={Suppl\_1},
  pages={jeb188854},
  year={2019},
  publisher={The Company of Biologists Ltd}
}
@article{owald2015light,
  title={Light, heat, action: neural control of fruit fly behaviour},
  author={Owald, David and Lin, Suewei and Waddell, Scott},
  journal={Philosophical Transactions of the Royal Society B: Biological Sciences},
  volume={370},
  number={1677},
  pages={20140211},
  year={2015},
  publisher={The Royal Society}
}

@incollection{kim2015optogenetics,
  title={Optogenetics in Drosophila melanogaster},
  author={Kim, Sung Soo and Franconville, Romain and Turner-Evans, Dan and Jayaraman, Vivek},
  booktitle={New Techniques in Systems Neuroscience},
  pages={147--176},
  year={2015},
  publisher={Springer}
}
@article{vogelstein2014discovery,
  title={Discovery of brainwide neural-behavioral maps via multiscale unsupervised structure learning},
  author={Vogelstein, Joshua T and Park, Youngser and Ohyama, Tomoko and Kerr, Rex A and Truman, James W and Priebe, Carey E and Zlatic, Marta},
  journal={Science},
  volume={344},
  number={6182},
  pages={386--392},
  year={2014},
  publisher={American Association for the Advancement of Science}
}
@article{gerhard2017conserved,
  title={Conserved neural circuit structure across Drosophila larval development revealed by comparative connectomics},
  author={Gerhard, Stephan and Andrade, Ingrid and Fetter, Richard D and Cardona, Albert and Schneider-Mizell, Casey M},
  journal={Elife},
  volume={6},
  pages={e29089},
  year={2017},
  publisher={eLife Sciences Publications, Ltd}
}

@article{almeida2017ol1mpiad,
  title={The Ol1mpiad: concordance of behavioural faculties of stage 1 and stage 3 Drosophila larvae},
  author={Almeida-Carvalho, Maria J and Berh, Dimitri and Braun, Andreas and Chen, Yi-chun and Eichler, Katharina and Eschbach, Claire and Fritsch, Pauline MJ and Gerber, Bertram and Hoyer, Nina and Jiang, Xiaoyi and others},
  journal={Journal of Experimental Biology},
  volume={220},
  number={13},
  pages={2452--2475},
  year={2017},
  publisher={The Company of Biologists Ltd}
}

@article{ahrens2013whole,
  title={Whole-brain functional imaging at cellular resolution using light-sheet microscopy},
  author={Ahrens, Misha B and Orger, Michael B and Robson, Drew N and Li, Jennifer M and Keller, Philipp J},
  journal={Nature methods},
  volume={10},
  number={5},
  pages={413--420},
  year={2013},
  publisher={Nature Publishing Group}
}
@article{lemon2015whole,
  title={Whole-central nervous system functional imaging in larval Drosophila},
  author={Lemon, William C and Pulver, Stefan R and H{\"o}ckendorf, Burkhard and McDole, Katie and Branson, Kristin and Freeman, Jeremy and Keller, Philipp J},
  journal={Nature communications},
  volume={6},
  number={1},
  pages={7924},
  year={2015},
  publisher={Nature Publishing Group UK London}
}

@article{huang2020bricseq,
  title={BRICseq bridges brain-wide interregional connectivity to neural activity and gene expression in single animals},
  author={Huang, Longwen and Kebschull, Justus M and F{\"u}rth, Daniel and Musall, Simon and Kaufman, Matthew T and Churchland, Anne K and Zador, Anthony M},
  journal={Cell},
  volume={182},
  number={1},
  pages={177--188},
  year={2020},
  publisher={Elsevier}
}

@article{veraszto2025whole,
  title={Whole-body connectome of a segmented annelid larva},
  author={Veraszt{\'o}, Csaba and Jasek, Sanja and G{\"u}hmann, Martin and Bezares-Calder{\'o}n, Luis Alberto and Williams, Elizabeth A and Shahidi, R{\'e}za and J{\'e}kely, G{\'a}sp{\'a}r},
  journal={Elife},
  volume={13},
  pages={RP97964},
  year={2025},
  publisher={eLife Sciences Publications Limited}
}
@article{ryan2016cns,
  title={The CNS connectome of a tadpole larva of Ciona intestinalis (L.) highlights sidedness in the brain of a chordate sibling},
  author={Ryan, Kerrianne and Lu, Zhiyuan and Meinertzhagen, Ian A},
  journal={Elife},
  volume={5},
  pages={e16962},
  year={2016},
  publisher={eLife Sciences Publications, Ltd}
}

@article{herculano2009human,
  title={The human brain in numbers: a linearly scaled-up primate brain},
  author={Herculano-Houzel, Suzana},
  journal={Frontiers in human neuroscience},
  volume={3},
  pages={857},
  year={2009},
  publisher={Frontiers}
}
@article{meinertzhagen2018use,
  title={Of what use is connectomics? A personal perspective on the Drosophila connectome},
  author={Meinertzhagen, Ian A},
  journal={Journal of Experimental Biology},
  volume={221},
  number={10},
  pages={jeb164954},
  year={2018},
  publisher={The Company of Biologists Ltd}
}

@article{zheng2018complete,
  title={A complete electron microscopy volume of the brain of adult Drosophila melanogaster},
  author={Zheng, Zhihao and Lauritzen, J Scott and Perlman, Eric and Robinson, Camenzind G and Nichols, Matthew and Milkie, Daniel and Torrens, Omar and Price, John and Fisher, Corey B and Sharifi, Nadiya and others},
  journal={Cell},
  volume={174},
  number={3},
  pages={730--743},
  year={2018},
  publisher={Elsevier}
}
@article{scheffer2020connectome,
  title={A connectome and analysis of the adult Drosophila central brain},
  author={Scheffer, Louis K and Xu, C Shan and Januszewski, Michal and Lu, Zhiyuan and Takemura, Shin-ya and Hayworth, Kenneth J and Huang, Gary B and Shinomiya, Kazunori and Maitlin-Shepard, Jeremy and Berg, Stuart and others},
  journal={elife},
  volume={9},
  pages={e57443},
  year={2020},
  publisher={eLife Sciences Publications, Ltd}
} 

@article{microns2025functional,
  title={Functional connectomics spanning multiple areas of mouse visual cortex},
  journal={Nature},
  volume={640},
  number={8058},
  pages={435--447},
  year={2025},
  publisher={Nature Publishing Group UK London}
}

@article{brenner1974genetics,
  title={The genetics of Caenorhabditis elegans},
  author={Brenner, Sydney},
  journal={Genetics},
  volume={77},
  number={1},
  pages={71--94},
  year={1974},
  publisher={Oxford University Press}
}
@article{mckinstry2013connectome,
  title={Connectome: How the Brainâ€™s Wiring Makes Us Who We Are},
  author={McKinstry-Wu, Andrew R and Kelz, Max B},
  journal={Anesthesia \& Analgesia},
  volume={117},
  number={6},
  pages={1513--1514},
  year={2013},
  publisher={LWW}
}

@article{breitenfeld2014hippocrates,
  title={Hippocrates: the forefather of neurology},
  author={Breitenfeld, Tomislav and Jurasic, Miljenka-Jelena and Breitenfeld, Darko},
  journal={Neurological Sciences},
  volume={35},
  number={9},
  pages={1349--1352},
  year={2014},
  publisher={Springer}
}

@article{meinertzhagen2016connectome,
  title={Connectome studies on Drosophila: a short perspective on a tiny brain},
  author={Meinertzhagen, Ian A},
  journal={Journal of neurogenetics},
  volume={30},
  number={2},
  pages={62--68},
  year={2016},
  publisher={Taylor \& Francis}
}

@article{truman2023metamorphosis,
  title={Metamorphosis of memory circuits in Drosophila reveals a strategy for evolving a larval brain},
  author={Truman, James W and Price, Jacquelyn and Miyares, Rosa L and Lee, Tzumin},
  journal={Elife},
  volume={12},
  pages={e80594},
  year={2023},
  publisher={eLife Sciences Publications Limited}
}

@article{andrade2019developmentally,
  title={Developmentally arrested precursors of pontine neurons establish an embryonic blueprint of the Drosophila central complex},
  author={Andrade, Ingrid V and Riebli, Nadia and Nguyen, Bao-Chau M and Omoto, Jaison J and Cardona, Albert and Hartenstein, Volker},
  journal={Current Biology},
  volume={29},
  number={3},
  pages={412--425},
  year={2019},
  publisher={Elsevier}
}
@article{lin2013comprehensive,
  title={A comprehensive wiring diagram of the protocerebral bridge for visual information processing in the Drosophila brain},
  author={Lin, Chih-Yung and Chuang, Chao-Chun and Hua, Tzu-En and Chen, Chun-Chao and Dickson, Barry J and Greenspan, Ralph J and Chiang, Ann-Shyn},
  journal={Cell reports},
  volume={3},
  number={5},
  pages={1739--1753},
  year={2013},
  publisher={Elsevier}
}

@article{hardcastle2021visual,
  title={A visual pathway for skylight polarization processing in Drosophila},
  author={Hardcastle, Ben J and Omoto, Jaison J and Kandimalla, Pratyush and Nguyen, Bao-Chau M and Kele{\c{s}}, Mehmet F and Boyd, Natalie K and Hartenstein, Volker and Frye, Mark A},
  journal={Elife},
  volume={10},
  pages={e63225},
  year={2021},
  publisher={eLife Sciences Publications, Ltd}
}


@article{wolff2018neuroarchitecture,
  title={Neuroarchitecture of the Drosophila central complex: A catalog of nodulus and asymmetrical body neurons and a revision of the protocerebral bridge catalog},
  author={Wolff, Tanya and Rubin, Gerald M},
  journal={Journal of Comparative Neurology},
  volume={526},
  number={16},
  pages={2585--2611},
  year={2018},
  publisher={Wiley Online Library}
}




@article{heinze2009transformation,
  title={Transformation of polarized light information in the central complex of the locust},
  author={Heinze, Stanley and Gotthardt, Sascha and Homberg, Uwe},
  journal={Journal of Neuroscience},
  volume={29},
  number={38},
  pages={11783--11793},
  year={2009},
  publisher={Soc Neuroscience}
}





@article{hulse2021connectome,
  title={A connectome of the Drosophila central complex reveals network motifs suitable for flexible navigation and context-dependent action selection},
  author={Hulse, Brad K and Haberkern, Hannah and Franconville, Romain and Turner-Evans, Daniel B and Takemura, Shin-ya and Wolff, Tanya and Noorman, Marcella and Dreher, Marisa and Dan, Chuntao and Parekh, Ruchi and others},
  journal={ELife},
  volume={10},
  pages={e66039},
  year={2021},
  publisher={eLife Sciences Publications Limited}
}

@article{omoto2018neuronal,
  title={Neuronal constituents and putative interactions within the Drosophila ellipsoid body neuropil},
  author={Omoto, Jaison Jiro and Nguyen, Bao-Chau Minh and Kandimalla, Pratyush and Lovick, Jennifer Kelly and Donlea, Jeffrey Michael and Hartenstein, Volker},
  journal={Frontiers in neural circuits},
  volume={12},
  pages={103},
  year={2018},
  publisher={Frontiers}
}

@article{wolff2015neuroarchitecture,
  title={Neuroarchitecture and neuroanatomy of the Drosophila central complex: A GAL4-based dissection of protocerebral bridge neurons and circuits},
  author={Wolff, Tanya and Iyer, Nirmala A and Rubin, Gerald M},
  journal={Journal of Comparative Neurology},
  volume={523},
  number={7},
  pages={997--1037},
  year={2015},
  publisher={Wiley Online Library}
}

@article{berck2016wiring,
  title={The wiring diagram of a glomerular olfactory system},
  author={Berck, Matthew E and Khandelwal, Avinash and Claus, Lindsey and Hernandez-Nunez, Luis and Si, Guangwei and Tabone, Christopher J and Li, Feng and Truman, James W and Fetter, Rick D and Louis, Matthieu and others},
  journal={Elife},
  volume={5},
  year={2016},
  publisher={eLife Sciences Publications, Ltd}
}

@article{eichler2017complete,
  title={The complete connectome of a learning and memory centre in an insect brain},
  author={Eichler, Katharina and Li, Feng and Litwin-Kumar, Ashok and Park, Youngser and Andrade, Ingrid and Schneider-Mizell, Casey M and Saumweber, Timo and Huser, Annina and Eschbach, Claire and Gerber, Bertram and others},
  journal={Nature},
  volume={548},
  number={7666},
  pages={175--182},
  year={2017},
  publisher={Nature Publishing Group}
}
@article{truman1999origins,
  title={The origins of insect metamorphosis},
  author={Truman, James W and Riddiford, Lynn M},
  journal={Nature},
  volume={401},
  number={6752},
  pages={447--452},
  year={1999},
  publisher={Nature Publishing Group}
}
@article{liu2012dopaminergic,
  title={Two dopaminergic neurons signal to the dorsal fan-shaped body to promote wakefulness in Drosophila},
  author={Liu, Qili and Liu, Sha and Kodama, Lay and Driscoll, Maria R and Wu, Mark N},
  journal={Current Biology},
  volume={22},
  number={22},
  pages={2114--2123},
  year={2012},
  publisher={Elsevier}
}

@article{StrutzSachse2014odorquality,
  title={Decoding odor quality and intensity in the Drosophila brain},
  author={Strutz, Antonia and Soelter, Jan and Baschwitz, Amelie and Farhan, Abu and Grabe, Veit and Rybak, J{\"u}rgen and Knaden, Markus and Schmuker, Michael and Hansson, Bill S and Sachse, Silke},
  journal={Elife},
  volume={3},
  pages={e04147},
  year={2014},
  publisher={eLife Sciences Publications Limited}
}
@article{heinze2017unraveling,
  title={Unraveling the neural basis of insect navigation},
  author={Heinze, Stanley},
  journal={Current opinion in insect science},
  volume={24},
  pages={58--67},
  year={2017},
  publisher={Elsevier}
}

@article{hartenstein2015lineage,
  title={Lineage-associated tracts defining the anatomy of the Drosophila first instar larval brain},
  author={Hartenstein, Volker and Younossi-Hartenstein, Amelia and Lovick, Jennifer K and Kong, Angel and Omoto, Jaison J and Ngo, Kathy T and Viktorin, Gudrun},
  journal={Developmental biology},
  volume={406},
  number={1},
  pages={14--39},
  year={2015},
  publisher={Elsevier}
}

@article{seelig2015neural,
  title={Neural dynamics for landmark orientation and angular path integration},
  author={Seelig, Johannes D and Jayaraman, Vivek},
  journal={Nature},
  volume={521},
  number={7551},
  pages={186--191},
  year={2015},
  publisher={Nature Publishing Group UK London}
}
@article{scheffer2020connectome,
  title={A connectome and analysis of the adult Drosophila central brain},
  author={Scheffer, Louis K and Xu, C Shan and Januszewski, Michal and Lu, Zhiyuan and Takemura, Shin-ya and Hayworth, Kenneth J and Huang, Gary B and Shinomiya, Kazunori and Maitlin-Shepard, Jeremy and Berg, Stuart and others},
  journal={elife},
  volume={9},
  pages={e57443},
  year={2020},
  publisher={eLife Sciences Publications, Ltd}
}

@article{buchanan2015neuronal,
  title={Neuronal control of locomotor handedness in Drosophila},
  author={Buchanan, Sean M and Kain, Jamey S and De Bivort, Benjamin L},
  journal={Proceedings of the National Academy of Sciences},
  volume={112},
  number={21},
  pages={6700--6705},
  year={2015},
  publisher={National Academy of Sciences}
}

@article{strauss1993higher,
  title={A higher control center of locomotor behavior in the Drosophila brain},
  author={Strauss, Roland and Heisenberg, Martin},
  journal={Journal of Neuroscience},
  volume={13},
  number={5},
  pages={1852--1861},
  year={1993},
  publisher={Society for Neuroscience}
}

@article{franconville2018building,
  title={Building a functional connectome of the Drosophila central complex},
  author={Franconville, Romain and Beron, Celia and Jayaraman, Vivek},
  journal={Elife},
  volume={7},
  pages={e37017},
  year={2018},
  publisher={eLife Sciences Publications, Ltd}
}
@article{ohyama2015multilevel,
  title={A multilevel multimodal circuit enhances action selection in Drosophila},
  author={Ohyama, Tomoko and Schneider-Mizell, Casey M and Fetter, Richard D and Aleman, Javier Valdes and Franconville, Romain and Rivera-Alba, Marta and Mensh, Brett D and Branson, Kristin M and Simpson, Julie H and Truman, James W and others},
  journal={Nature},
  volume={520},
  number={7549},
  pages={633--639},
  year={2015},
  publisher={Nature Publishing Group UK London}
}

@article{gepner2015computations,
  title={Computations underlying Drosophila photo-taxis, odor-taxis, and multi-sensory integration},
  author={Gepner, Ruben and Mihovilovic Skanata, Mirna and Bernat, Natalie M and Kaplow, Margarita and Gershow, Marc},
  journal={Elife},
  volume={4},
  pages={e06229},
  year={2015},
  publisher={eLife Sciences Publications, Ltd}
}

@article{eschbach2020recurrent,
  title={Recurrent architecture for adaptive regulation of learning in the insect brain},
  author={Eschbach, Claire and Fushiki, Akira and Winding, Michael and Schneider-Mizell, Casey M and Shao, Mei and Arruda, Rebecca and Eichler, Katharina and Valdes-Aleman, Javier and Ohyama, Tomoko and Thum, Andreas S and others},
  journal={Nature neuroscience},
  volume={23},
  number={4},
  pages={544--555},
  year={2020},
  publisher={Nature Publishing Group US New York}
}

@article{eschbach2021circuits,
  title={Circuits for integrating learned and innate valences in the insect brain},
  author={Eschbach, Claire and Fushiki, Akira and Winding, Michael and Afonso, Bruno and Andrade, Ingrid V and Cocanougher, Benjamin T and Eichler, Katharina and Gepner, Ruben and Si, Guangwei and Valdes-Aleman, Javier and others},
  journal={Elife},
  volume={10},
  pages={e62567},
  year={2021},
  publisher={eLife Sciences Publications Limited}
}

@article{truman2023metamorphosis,
  title={Metamorphosis of memory circuits in \emph{Drosophila} reveals a strategy for evolving a larval brain},
  author={Truman, James W and Price, Jacquelyn and Miyares, Rosa L and Lee, Tzumin},
  journal={Elife},
  volume={12},
  pages={e80594},
  year={2023},
  publisher={eLife Sciences Publications Limited}
}



@article{hanesch1989neuronal,
  title={Neuronal architecture of the central complex in Drosophila melanogaster},
  author={Hanesch, Ulrike and Fischbach, K-F and Heisenberg, Martin},
  journal={Cell and Tissue Research},
  volume={257},
  number={2},
  pages={343--366},
  year={1989},
  publisher={Springer}
}





@article{heinze2009transformation,
  title={Transformation of polarized light information in the central complex of the locust},
  author={Heinze, Stanley and Gotthardt, Sascha and Homberg, Uwe},
  journal={Journal of Neuroscience},
  volume={29},
  number={38},
  pages={11783--11793},
  year={2009},
  publisher={Soc Neuroscience}
}





@article{wolff2015neuroarchitecture,
  title={Neuroarchitecture and neuroanatomy of the Drosophila central complex: A GAL4-based dissection of protocerebral bridge neurons and circuits},
  author={Wolff, Tanya and Iyer, Nirmala A and Rubin, Gerald M},
  journal={Journal of Comparative Neurology},
  volume={523},
  number={7},
  pages={997--1037},
  year={2015},
  publisher={Wiley Online Library}
}


@article{berck2016wiring,
  title={The wiring diagram of a glomerular olfactory system},
  author={Berck, Matthew E and Khandelwal, Avinash and Claus, Lindsey and Hernandez-Nunez, Luis and Si, Guangwei and Tabone, Christopher J and Li, Feng and Truman, James W and Fetter, Rick D and Louis, Matthieu and others},
  journal={Elife},
  volume={5},
  year={2016},
  publisher={eLife Sciences Publications, Ltd}
}

@article{eichler2017complete,
  title={The complete connectome of a learning and memory centre in an insect brain},
  author={Eichler, Katharina and Li, Feng and Litwin-Kumar, Ashok and Park, Youngser and Andrade, Ingrid and Schneider-Mizell, Casey M and Saumweber, Timo and Huser, Annina and Eschbach, Claire and Gerber, Bertram and others},
  journal={Nature},
  volume={548},
  number={7666},
  pages={175--182},
  year={2017},
  publisher={Nature Publishing Group}
}
@article{truman1999origins,
  title={The origins of insect metamorphosis},
  author={Truman, James W and Riddiford, Lynn M},
  journal={Nature},
  volume={401},
  number={6752},
  pages={447--452},
  year={1999},
  publisher={Nature Publishing Group}
}
@article{liu2012dopaminergic,
  title={Two dopaminergic neurons signal to the dorsal fan-shaped body to promote wakefulness in Drosophila},
  author={Liu, Qili and Liu, Sha and Kodama, Lay and Driscoll, Maria R and Wu, Mark N},
  journal={Current Biology},
  volume={22},
  number={22},
  pages={2114--2123},
  year={2012},
  publisher={Elsevier}
}

@article{StrutzSachse2014odorquality,
  title={Decoding odor quality and intensity in the Drosophila brain},
  author={Strutz, Antonia and Soelter, Jan and Baschwitz, Amelie and Farhan, Abu and Grabe, Veit and Rybak, J{\"u}rgen and Knaden, Markus and Schmuker, Michael and Hansson, Bill S and Sachse, Silke},
  journal={Elife},
  volume={3},
  pages={e04147},
  year={2014},
  publisher={eLife Sciences Publications Limited}
}


@article{hartenstein2015lineage,
  title={Lineage-associated tracts defining the anatomy of the Drosophila first instar larval brain},
  author={Hartenstein, Volker and Younossi-Hartenstein, Amelia and Lovick, Jennifer K and Kong, Angel and Omoto, Jaison J and Ngo, Kathy T and Viktorin, Gudrun},
  journal={Developmental biology},
  volume={406},
  number={1},
  pages={14--39},
  year={2015},
  publisher={Elsevier}
}

@article{heinze2024variations,
  title={Variations on an ancient themeâ€”the central complex across insects},
  author={Heinze, Stanley},
  journal={Current Opinion in Behavioral Sciences},
  volume={57},
  pages={101390},
  year={2024},
  publisher={Elsevier}
}

@article{turnerevans2016CX,
  title={The insect central complex},
  author={Turner-Evans, Daniel B and Jayaraman, Vivek},
  journal={Current Biology},
  volume={26},
  number={11},
  pages={R453--R457},
  year={2016},
  publisher={Elsevier}
}

@article{PfeifferHomberg2014,
  title={Organization and functional roles of the central complex in the insect brain},
  author={Pfeiffer, Keram and Homberg, Uwe},
  journal={Annual review of entomology},
  volume={59},
  number={1},
  pages={165--184},
  year={2014},
  publisher={Annual Reviews}
}

@article{seelig2013feature,
  title={Feature detection and orientation tuning in the Drosophila central complex},
  author={Seelig, Johannes D and Jayaraman, Vivek},
  journal={Nature},
  volume={503},
  number={7475},
  pages={262--266},
  year={2013},
  publisher={Nature Publishing Group UK London}
}

@article{fisher2022flexible,
  title={Flexible navigational computations in the Drosophila central complex},
  author={Fisher, Yvette E},
  journal={Current opinion in neurobiology},
  volume={73},
  pages={102514},
  year={2022},
  publisher={Elsevier}
}

@article{Stone2017CXModel,
  title={An anatomically constrained model for path integration in the bee brain},
  author={Stone, Thomas and Webb, Barbara and Adden, Andrea and Weddig, Nicolai Ben and Honkanen, Anna and Templin, Rachel and Wcislo, William and Scimeca, Luca and Warrant, Eric and Heinze, Stanley},
  journal={Current Biology},
  volume={27},
  number={20},
  pages={3069--3085},
  year={2017},
  publisher={Elsevier}
}

@article{heinze2018principles,
  title={Principles of insect path integration},
  author={Heinze, Stanley and Narendra, Ajay and Cheung, Allen},
  journal={Current Biology},
  volume={28},
  number={17},
  pages={R1043--R1058},
  year={2018},
  publisher={Elsevier}
}

@article{pisokas2020head,
  title={The head direction circuit of two insect species},
  author={Pisokas, Ioannis and Heinze, Stanley and Webb, Barbara},
  journal={Elife},
  volume={9},
  pages={e53985},
  year={2020},
  publisher={eLife Sciences Publications, Ltd}
}

@article{ShaferKeene2021sleep,
  title={The regulation of \emph{Drosophila} sleep},
  author={Shafer, Orie T and Keene, Alex C},
  journal={Current Biology},
  volume={31},
  number={1},
  pages={R38--R49},
  year={2021},
  publisher={Elsevier}
}

@article{fishilevich2005chemotaxis,
  title={Chemotaxis behavior mediated by single larval olfactory neurons in Drosophila},
  author={Fishilevich, Elane and Domingos, Ana I and Asahina, Kenta and Naef, F{\'e}lix and Vosshall, Leslie B and Louis, Matthieu},
  journal={Current biology},
  volume={15},
  number={23},
  pages={2086--2096},
  year={2005},
  publisher={Elsevier}
}

@article{khurana2013olfactory,
  title={Olfactory responses of Drosophila larvae},
  author={Khurana, Sukant and Siddiqi, Obaid},
  journal={Chemical senses},
  volume={38},
  number={4},
  pages={315--323},
  year={2013},
  publisher={Oxford University Press UK}
}

@article{davies2015model,
  title={A model of Drosophila larva chemotaxis},
  author={Davies, Alex and Louis, Matthieu and Webb, Barbara},
  journal={PLoS computational biology},
  volume={11},
  number={11},
  pages={e1004606},
  year={2015},
  publisher={Public Library of Science San Francisco, CA USA}
}

@article{gong2009phototaxis,
  title={Behavioral dissection of Drosophila larval phototaxis},
  author={Gong, Zhefeng},
  journal={Biochemical and Biophysical Research Communications},
  volume={382},
  number={2},
  pages={395--399},
  year={2009},
  publisher={Elsevier}
}
@article{sawin1995phototaxis,
  title={Characterization and genetic analysis of Drosophila melanogaster photobehavior during larval development},
  author={Sawin-McCormack, Elena P and Sokolowski, Marla B and Campos, Ana Regina},
  journal={Journal of neurogenetics},
  volume={10},
  number={2},
  pages={119--135},
  year={1995},
  publisher={Taylor \& Francis}
}

@article{KeeneSprecher2012photobehavior,
  title={Seeing the light: photobehavior in fruit fly larvae},
  author={Keene, Alex C and Sprecher, Simon G},
  journal={Trends in neurosciences},
  volume={35},
  number={2},
  pages={104--110},
  year={2012},
  publisher={Elsevier}
}

@article{Ebrahim2015OR49,
  title={Drosophila avoids parasitoids by sensing their semiochemicals via a dedicated olfactory circuit},
  author={Ebrahim, Shimaa AM and Dweck, Hany KM and St{\"o}kl, Johannes and Hofferberth, John E and Trona, Federica and Weniger, Kerstin and Rybak, J{\"u}rgen and Seki, Yoichi and Stensmyr, Marcus C and Sachse, Silke and others},
  journal={PLoS biology},
  volume={13},
  number={12},
  pages={e1002318},
  year={2015},
  publisher={Public Library of Science San Francisco, CA USA}
}

@article{pereanu2010neuropildev,
  title={Development-based compartmentalization of the Drosophila central brain},
  author={Pereanu, Wayne and Kumar, Abilasha and Jennett, Arnim and Reichert, Heinrich and Hartenstein, Volker},
  journal={Journal of Comparative Neurology},
  volume={518},
  number={15},
  pages={2996--3023},
  year={2010},
  publisher={Wiley Online Library}
}

@article{lacin2016lineage,
  title={Lineage mapping identifies molecular and architectural similarities between the larval and adult Drosophila central nervous system},
  author={Lacin, Haluk and Truman, James W},
  journal={Elife},
  volume={5},
  pages={e13399},
  year={2016},
  publisher={eLife Sciences Publications, Ltd}
}

@article{winding2023connectome,
  title={The connectome of an insect brain},
  author={Winding, Michael and Pedigo, Benjamin D and Barnes, Christopher L and Patsolic, Heather G and Park, Youngser and Kazimiers, Tom and Fushiki, Akira and Andrade, Ingrid V and Khandelwal, Avinash and Valdes-Aleman, Javier and others},
  journal={Science},
  volume={379},
  number={6636},
  pages={eadd9330},
  year={2023},
  publisher={American Association for the Advancement of Science}
}

@article{larderet2017opticlobe,
  title={Organization of the Drosophila larval visual circuit},
  author={Larderet, Ivan and Fritsch, Pauline MJ and Gendre, Nanae and Neagu-Maier, G Larisa and Fetter, Richard D and Schneider-Mizell, Casey M and Truman, James W and Zlatic, Marta and Cardona, Albert and Sprecher, Simon G},
  journal={Elife},
  volume={6},
  pages={e28387},
  year={2017},
  publisher={eLife Sciences Publications, Ltd}
}

@article{poe2023sleepmemory,
  title={Developmental emergence of sleep rhythms enables long-term memory in Drosophila},
  author={Poe, Amy R and Zhu, Lucy and Szuperak, Milan and McClanahan, Patrick D and Anafi, Ron C and Scholl, Benjamin and Thum, Andreas S and Cavanaugh, Daniel J and Kayser, Matthew S},
  journal={Science Advances},
  volume={9},
  number={36},
  pages={eadh2301},
  year={2023},
  publisher={American Association for the Advancement of Science}
}

@article{donlea2011sleep,
  title={Inducing sleep by remote control facilitates memory consolidation in Drosophila},
  author={Donlea, Jeffrey M and Thimgan, Matthew S and Suzuki, Yasuko and Gottschalk, Laura and Shaw, Paul J},
  journal={Science},
  volume={332},
  number={6037},
  pages={1571--1576},
  year={2011},
  publisher={American Association for the Advancement of Science}
}
@article{donlea2019sleep,
  title={Roles for sleep in memory: insights from the fly},
  author={Donlea, Jeffrey M},
  journal={Current opinion in neurobiology},
  volume={54},
  pages={120--126},
  year={2019},
  publisher={Elsevier}
}

@article{koniszewski2016TriboliumCX,
  title={The insect central complex as model for heterochronic brain developmentâ€”background, concepts, and tools},
  author={Koniszewski, Nikolaus Dieter Bernhard and Kollmann, Martin and Bigham, Mahdiyeh and Farnworth, Max and He, Bicheng and B{\"u}scher, Marita and H{\"u}tteroth, Wolf and Binzer, Marlene and Schachtner, Joachim and Bucher, Gregor},
  journal={Development genes and evolution},
  volume={226},
  number={3},
  pages={209--219},
  year={2016},
  publisher={Springer}
}

@article{farnworth2020TriboliumCXvsFly,
  title={Sequence heterochrony led to a gain of functionality in an immature stage of the central complex: A fly--beetle insight},
  author={Farnworth, Max S and Eckermann, Kolja N and Bucher, Gregor},
  journal={PLoS biology},
  volume={18},
  number={10},
  pages={e3000881},
  year={2020},
  publisher={Public Library of Science San Francisco, CA USA}
}

@article{Pereanu2011LineagesCX,
  title={Lineage-based analysis of the development of the central complex of the \emph{Drosophila} brain},
  author={Pereanu, Wayne and Younossi-Hartenstein, Amelia and Lovick, Jennifer and Spindler, Shana and Hartenstein, Volker},
  journal={Journal of Comparative Neurology},
  volume={519},
  number={4},
  pages={661--689},
  year={2011},
  publisher={Wiley Online Library}
}

@article{Spindler2010Lineages,
  title={The Drosophila neural lineages: a model system to study brain development and circuitry},
  author={Spindler, Shana R and Hartenstein, Volker},
  journal={Development genes and evolution},
  volume={220},
  number={1},
  pages={1--10},
  year={2010},
  publisher={Springer}
}

@article{Ohyama2013PlosONE,
  title={High-throughput analysis of stimulus-evoked behaviors in Drosophila larva reveals multiple modality-specific escape strategies},
  author={Ohyama, Tomoko and Jovanic, Tihana and Denisov, Gennady and Dang, Tam C and Hoffmann, Dominik and Kerr, Rex A and Zlatic, Marta},
  journal={PloS one},
  volume={8},
  number={8},
  pages={e71706},
  year={2013},
  publisher={Public Library of Science San Francisco, USA}
}

@article{Swierczek2011MWT,
  title={High-throughput behavioral analysis in C. elegans},
  author={Swierczek, Nicholas A and Giles, Andrew C and Rankin, Catharine H and Kerr, Rex A},
  journal={Nature methods},
  volume={8},
  number={7},
  pages={592--598},
  year={2011},
  publisher={Nature Publishing Group US New York}
}

@article{zhang1996ringattractor,
  title={Representation of spatial orientation by the intrinsic dynamics of the head-direction cell ensemble: a theory},
  author={Zhang, Kechen},
  journal={Journal of Neuroscience},
  volume={16},
  number={6},
  pages={2112--2126},
  year={1996},
  publisher={Society for Neuroscience}
}

@article{Humberg2018PVL09,
  title={Dedicated photoreceptor pathways in Drosophila larvae mediate navigation by processing either spatial or temporal cues},
  author={Humberg, Tim-Henning and Bruegger, Pascal and Afonso, Bruno and Zlatic, Marta and Truman, James W and Gershow, Marc and Samuel, Aravinthan and Sprecher, Simon G},
  journal={Nature communications},
  volume={9},
  number={1},
  pages={1260},
  year={2018},
  publisher={Nature Publishing Group UK London}
}

@article{vogt2021internalstate,
  title={Internal state configures olfactory behavior and early sensory processing in Drosophila larvae},
  author={Vogt, Katrin and Zimmerman, David M and Schlichting, Matthias and Hernandez-Nunez, Luis and Qin, Shanshan and Malacon, Karen and Rosbash, Michael and Pehlevan, Cengiz and Cardona, Albert and Samuel, Aravinthan DT},
  journal={Science advances},
  volume={7},
  number={1},
  pages={eabd6900},
  year={2021},
  publisher={American Association for the Advancement of Science}
}

@article{szuperak2018sleep,
  title={A sleep state in Drosophila larvae required for neural stem cell proliferation},
  author={Szuperak, Milan and Churgin, Matthew A and Borja, Austin J and Raizen, David M and Fang-Yen, Christopher and Kayser, Matthew S},
  journal={Elife},
  volume={7},
  pages={e33220},
  year={2018},
  publisher={eLife Sciences Publications, Ltd}
}

@article{goodman1984pCC,
  title={Cell recognition during neuronal development},
  author={Goodman, Corey S and Bastiani, Michael J and Doe, Chris Q and Du Lac, Sascha and Helfand, Stephen L and Kuwada, John Y and Thomas, John B},
  journal={Science},
  volume={225},
  number={4668},
  pages={1271--1279},
  year={1984},
  publisher={American Association for the Advancement of Science}
}

@article{jacobs1989pCC,
  title={Embryonic development of axon pathways in the Drosophila CNS. II. Behavior of pioneer growth cones},
  author={Jacobs, J Roger and Goodman, Corey S},
  journal={Journal of Neuroscience},
  volume={9},
  number={7},
  pages={2412--2422},
  year={1989},
  publisher={Society for Neuroscience}
}

@article{prieto2012embryonic,
  title={Embryonic origin of olfactory circuitry in Drosophila: contact and activity-mediated interactions pattern connectivity in the antennal lobe},
  author={Prieto-Godino, Lucia L and Diegelmann, Soeren and Bate, Michael},
  year={2012},
  publisher={Public Library of Science San Francisco, USA}
}

@article{carreira2018mdn,
  title={MDN brain descending neurons coordinately activate backward and inhibit forward locomotion},
  author={Carreira-Rosario, Arnaldo and Zarin, Aref Arzan and Clark, Matthew Q and Manning, Laurina and Fetter, Richard D and Cardona, Albert and Doe, Chris Q},
  journal={Elife},
  volume={7},
  pages={e38554},
  year={2018},
  publisher={eLife Sciences Publications, Ltd}
}

@article{truman1999origins,
  title={The origins of insect metamorphosis},
  author={Truman, James W and Riddiford, Lynn M},
  journal={Nature},
  volume={401},
  number={6752},
  pages={447--452},
  year={1999},
  publisher={Nature Publishing Group UK London}
}

@article{truman2019evolution,
  title={The evolution of insect metamorphosis: a developmental and endocrine view},
  author={Truman, James W and Riddiford, Lynn M},
  journal={Philosophical Transactions of the Royal Society B},
  volume={374},
  number={1783},
  pages={20190070},
  year={2019},
  publisher={The Royal Society}
}

@article{ofstad2011visual,
  title={Visual place learning in Drosophila melanogaster},
  author={Ofstad, Tyler A and Zuker, Charles S and Reiser, Michael B},
  journal={Nature},
  volume={474},
  number={7350},
  pages={204--207},
  year={2011},
  publisher={Nature Publishing Group UK London}
}

@article{kromp2024localsearch,
  title={Finding a path: Local search behavior of Drosophila larvae},
  author={Kromp, Jessica and Triphan, Tilman and Thum, Andreas S},
  journal={bioRxiv},
  pages={2024--11},
  year={2024},
  publisher={Cold Spring Harbor Laboratory}
}

@article{truman2023postembryo,
  title={Drosophila postembryonic nervous system development: a model for the endocrine control of development},
  author={Truman, James W and Riddiford, Lynn M},
  journal={Genetics},
  volume={223},
  number={3},
  pages={iyac184},
  year={2023},
  publisher={Oxford University Press US}
}

@article{schlegel2016synaptic,
  title={Synaptic transmission parallels neuromodulation in a central food-intake circuit},
  author={Schlegel, Philipp and Texada, Michael J and Miroschnikow, Anton and Schoofs, Andreas and H{\"u}ckesfeld, Sebastian and Peters, Marc and Schneider-Mizell, Casey M and Lacin, Haluk and Li, Feng and Fetter, Richard D and others},
  journal={Elife},
  volume={5},
  pages={e16799},
  year={2016},
  publisher={eLife Sciences Publications, Ltd}
}

@article{miroschnikow2018convergence,
  title={Convergence of monosynaptic and polysynaptic sensory paths onto common motor outputs in a Drosophila feeding connectome},
  author={Miroschnikow, Anton and Schlegel, Philipp and Schoofs, Andreas and Hueckesfeld, Sebastian and Li, Feng and Schneider-Mizell, Casey M and Fetter, Richard D and Truman, James W and Cardona, Albert and Pankratz, Michael J},
  journal={Elife},
  volume={7},
  pages={e40247},
  year={2018},
  publisher={eLife Sciences Publications, Ltd}
}

@article{huckesfeld2021unveiling,
  title={Unveiling the sensory and interneuronal pathways of the neuroendocrine connectome in Drosophila},
  author={H{\"u}ckesfeld, Sebastian and Schlegel, Philipp and Miroschnikow, Anton and Schoofs, Andreas and Zinke, Ingo and Haubrich, Andr{\'e} N and Schneider-Mizell, Casey M and Truman, James W and Fetter, Richard D and Cardona, Albert and others},
  journal={Elife},
  volume={10},
  pages={e65745},
  year={2021},
  publisher={eLife Sciences Publications, Ltd}
}

@article{hernandez2021thermo,
  title={Synchronous and opponent thermosensors use flexible cross-inhibition to orchestrate thermal homeostasis},
  author={Hernandez-Nunez, Luis and Chen, Alicia and Budelli, Gonzalo and Berck, Matthew E and Richter, Vincent and Rist, Anna and Thum, Andreas S and Cardona, Albert and Klein, Mason and Garrity, Paul and others},
  journal={Science advances},
  volume={7},
  number={35},
  pages={eabg6707},
  year={2021},
  publisher={American Association for the Advancement of Science}
}

@article{mast2014pheromones,
  title={Evolved differences in larval social behavior mediated by novel pheromones},
  author={Mast, Joshua D and De Moraes, Consuelo M and Alborn, Hans T and Lavis, Luke D and Stern, David L},
  journal={Elife},
  volume={3},
  pages={e04205},
  year={2014},
  publisher={eLife Sciences Publications, Ltd}
}

@article{meissner2025splitgal4,
  title={A split-GAL4 driver line resource for Drosophila neuron types},
  author={Meissner, Geoffrey W and Vannan, Allison and Jeter, Jennifer and Close, Kari and DePasquale, Gina M and Dorman, Zachary and Forster, Kaitlyn and Beringer, Jaye Anne and Gibney, Theresa and Hausenfluck, Joanna H and others},
  journal={elife},
  volume={13},
  pages={RP98405},
  year={2025},
  publisher={eLife Sciences Publications Limited}
}

@article{li2014gal4,
  title={A GAL4 driver resource for developmental and behavioral studies on the larval CNS of Drosophila},
  author={Li, Hsing-Hsi and Kroll, Jason R and Lennox, Sara M and Ogundeyi, Omotara and Jeter, Jennifer and Depasquale, Gina and Truman, James W},
  journal={Cell reports},
  volume={8},
  number={3},
  pages={897--908},
  year={2014},
  publisher={Elsevier}
}

@article{selcho2009thgal4,
  title={The role of dopamine in Drosophila larval classical olfactory conditioning},
  author={Selcho, Mareike and Pauls, Dennis and Han, Kyung-An and Stocker, Reinhard F and Thum, Andreas S},
  journal={PloS one},
  volume={4},
  number={6},
  pages={e5897},
  year={2009},
  publisher={Public Library of Science San Francisco, USA}
}

@article{nern2015multicolor,
  title={Optimized tools for multicolor stochastic labeling reveal diverse stereotyped cell arrangements in the fly visual system},
  author={Nern, Aljoscha and Pfeiffer, Barret D and Rubin, Gerald M},
  journal={Proceedings of the National Academy of Sciences},
  volume={112},
  number={22},
  pages={E2967--E2976},
  year={2015},
  publisher={National Academy of Sciences}
}

@article{eckstein2024neurotransmitter,
  title={Neurotransmitter classification from electron microscopy images at synaptic sites in Drosophila melanogaster},
  author={Eckstein, Nils and Bates, Alexander Shakeel and Champion, Andrew and Du, Michelle and Yin, Yijie and Schlegel, Philipp and Lu, Alicia Kun-Yang and Rymer, Thomson and Finley-May, Samantha and Paterson, Tyler and others},
  journal={Cell},
  volume={187},
  number={10},
  pages={2574--2594},
  year={2024},
  publisher={Elsevier}
}

@article{kahsai2011neuromodulators,
  title={Chemical neuroanatomy of the Drosophila central complex: distribution of multiple neuropeptides in relation to neurotransmitters},
  author={Kahsai, Lily and Winther, {\AA}sa ME},
  journal={Journal of Comparative Neurology},
  volume={519},
  number={2},
  pages={290--315},
  year={2011},
  publisher={Wiley Online Library}
}

@article{kahsai2012distribution,
  title={Distribution of metabotropic receptors of serotonin, dopamine, GABA, glutamate, and short neuropeptide F in the central complex of Drosophila},
  author={Kahsai, Lily and Carlsson, Mikael A and Winther, {\AA} ME and N{\"a}ssel, Dick R},
  journal={Neuroscience},
  volume={208},
  pages={11--26},
  year={2012},
  publisher={Elsevier}
}


@article{pimentel2016sleep,
  title={Operation of a homeostatic sleep switch},
  author={Pimentel, Diogo and Donlea, Jeffrey M and Talbot, Clifford B and Song, Seoho M and Thurston, Alexander JF and Miesenb{\"o}ck, Gero},
  journal={Nature},
  volume={536},
  number={7616},
  pages={333--337},
  year={2016},
  publisher={Nature Publishing Group UK London}
}

@article{alekseyenko2013DAN_PB,
  title={Single dopaminergic neurons that modulate aggression in Drosophila},
  author={Alekseyenko, Olga V and Chan, Yick-Bun and Li, Ran and Kravitz, Edward A},
  journal={Proceedings of the National Academy of Sciences},
  volume={110},
  number={15},
  pages={6151--6156},
  year={2013},
  publisher={National Academy of Sciences}
}
@article{tomita2021DAN_PB,
  title={Protocerebral bridge neurons that regulate sleep in Drosophila melanogaster},
  author={Tomita, Jun and Ban, Gosuke and Kato, Yoshiaki S and Kume, Kazuhiko},
  journal={Frontiers in Neuroscience},
  volume={15},
  pages={647117},
  year={2021},
  publisher={Frontiers Media SA}
}
